@misc{KinectConstraints,
    author = {},
    title = {Kinect for Windows SDK 2.0},
    howpublished = {\url{https://www.microsoft.com/en-us/download/developer-tools.aspx}},
    publisher = {Microsoft},
    note = {(Accessed on 10/26/2017)}
}


@misc{csvFile,
    author = {},
    title = {How To Create A CSV File},
    howpublished = {\url{https://www.computerhope.com/issues/ch001356.htm}},
    publisher = {Computer Hope},
    month = {September},
    year = {2017},
    note = {(Accessed on 10/26/2017)}
}

@misc{KinectDevelop,
    author = {},
    title = {Developing with Kinect for Windows},
    howpublished = {\url{https://developer.microsoft.com/en-us/windows/kinect/develop}},
    publisher = {Microsoft},
    note = {(Accessed on 10/26/2017)}
}
