
@book{Windows1,
  Author = {Mark E. Russinovich and David A. Solomon and Alex Ionescu},
  Title = {Windows Internals, Part 1 (Developer Reference) 6/e},
  Publisher = {Microsoft Press},
  Year = {2012},
  ISBN = {978-0-73564873-9},
  URL = {https://www.amazon.com/Windows-Internals-Part-Developer-Reference/dp/0735648735}
}

@misc{WPFSamples,
  author = {},
  title = {Windows Presentation Foundation Samples},
  howpublished = {\url{https://msdn.microsoft.com/en-us/library/hh855377.aspx}},
  publisher = {Microsoft},
  month = {},
  year = {2017},
  note = {(Accessed on 11/13/2017)}
}

@misc{OpenPose,
  author = {},
  title = {OpenPose: real-time multi-person body tracking software},
  howpublished = {\url{https://github.com/CMU-Perceptual-Computing-Lab/openpose}},
  month = {},
  year = {2017},
  note = {(Accessed on 11/13/2017)}
}

@misc{ZED,
  author = {},
  title = {Stereo Labs ZED 2k Depth Sensing Camera},
  howpublished = {\url{https://www.stereolabs.com/}},
  month = {},
  year = {},
  note = {(Accessed on 11/13/2017)}
}

@misc{KinectConstraints,
  author = {},
  title = {Kinect for Windows SDK 2.0},
  howpublished = {\url{https://www.microsoft.com/en-us/download/developer-tools.aspx}},
  publisher = {Microsoft},
  note = {(Accessed on 11/13/2017)}
}

@misc{KinectDevelop,
  author = {},
  title = {Developing with Kinect for Windows},
  howpublished = {\url{https://developer.microsoft.com/en-us/windows/kinect/develop}},
  publisher = {Microsoft},
  note = {(Accessed on 11/13/2017)}
}

@misc{WinAPI,
  author = {},
  title = {WinAPI - Graphical Interfaces},
  howpublished = {\url{https://msdn.microsoft.com/en-us/library/cc433218(VS.85).aspx}},
  publisher = {Microsoft},
  month = {},
  year = {},
  note = {(Accessed on 11/13/2017)}
}

@misc{csvFile,
    author = {},
    title = {How To Create A CSV File},
    howpublished = {\url{https://www.computerhope.com/issues/ch001356.htm}},
    publisher = {Computer Hope},
    month = {September},
    year = {2017},
    note = {(Accessed on 10/26/2017)}
}

@misc{Vitruvius,
author = {Vangos Pterneas},
title = {Vitruvius Kinect Library},
howpublished = {\url{https://github.com/LightBuzz/Vitruvius}},
publisher = {LightBuzz},
month = {},
year = {},
note = {(Accessed on 02/10/2018)}
}

@misc{Gestures,
author = {},
title = {Visual Gesture Builder (VGB)},
howpublished = {\url{https://msdn.microsoft.com/en-us/library/dn785304.aspx}},
publisher = {Microsoft},
month = {},
year = {},
note = {(Accessed on 02/16/2018)}
}

@misc{OxyPlot,
author = {},
title = {OxyPlot},
howpublished = {\url{http://www.oxyplot.org/}},
publisher = {OxyPlot},
month = {},
year = {},
note = {(Accessed on 05/01/2018)}
}